@BOOK{ATKINS1,
  author = {Atkins, P. W. and de Paula, J.},
  title = {Physical Chemistry (7th ed.)},
  publisher = {Oxford University Press}, 
  year = {2002},
  address = {Oxford, UK}
}

@BOOK{ATKINS2,
  author = {Atkins, P. W. and Friedman, R. S.},
  title = {Molecular Quantum Mechanics (3rd ed.)},
  publisher = {Oxford University Press}, 
  year = {1997},
  address = {Oxford, UK}
}

@BOOK{BIOCHEM1,
  author = {Murray, R. K. and Granner, D. K. and Mayes, P. A. and Rodwell, V. W.},
  title = {Harperâ€™s biochemistry},
  publisher = {Prentice-Hall International, Inc.}, 
  year = {1990},
  address = {London, UK}
}

@BOOK{BIOCHEM2,
  author = {Reszka, K. and Kolodziejczyk, P. and Hartley, J. A. and Wilson, W. D. and Lown, J. W.},
  title = {Molecular pharmacology of anthracenedione-based anticancer agents, in bioactive molecules, vol.
6; Anthracycline and anthracenedione-based anticancer agents (Ed. J. W. Lown)},
  publisher = {Elsevier}, 
  year = {1988},
  address = {Amsterdam, Netherlands}
}

@Article{BODE,
  author =       {Bode, B. M. and Gordon, M. S.},
  year =         {1998},
  journal =      {J. Mol. Graphics and Modeling},
  volume =       {16},
  pages =        {133-138}
}

@MISC{CANGIANO,
  author = {A. Cangiano},
  title = {A 10 minute tutorial for solving Math problems with Maxima},
  howpublished = {Freely available at: \url{http://math-blog.com/2007/06/04/a-10-minute-tutorial-for-solving-math-problems-with-maxima/}},
  year = {2007}
}

@BOOK{CHANG,
  author = {Chang, R.},
  title = {Physical chemistry for the chemical and biological sciences},
  publisher = {University Science Books},
  year = {2000},
  address = {Sausalito, California}
}

@ARTICLE{CLARKE,
  author = {Clarke, J. R.},
  year = {1974},
  journal = {J. Chem. Ed.},
  volume = {51},
  pages = {255}
}

@BOOK{COX,
  author = {Cox, G. B},
  year = {1994},
  title = {Modern liquid phase kinetics},
  publisher = {Oxford Science Publications},
  address = {Oxford, UK}
}

@Article{FORSTER,
  author =       {F\"orster, {Th}.},
  year =         {1950},
  title =        {Influence of pH on the fluorescence of naphthalene derivatives},
  journal =      {Z. Electrochem.},
  volume =       {54},
  pages =        {531}
}

@Article{GONZALEZ,
  author =       {Gomez, M. and Gonzalez, F. J. and Gonzalez, I.},
  year =         {2003},
  journal =      {Electroanalysis},
  volume =       {15},
  pages =        {635}
}

@BOOK{GUNTHER,
  author = {G\"unther, H.},
  title = {NMR spectroscopy: basic principles, concepts, and applications in chemistry (2nd ed.)},
  publisher = {John Wiley \& Sons},
  year = {1996},
  address = {New York}
}

@BOOK{HERZBERG1,
  author = {Herzberg, G.},
  title = {Molecular Spectra and Molecular Structure (Vol. I)},
  publisher = {Krieger Publishing Company},
  year = {1989},
  address = {Melbourne, Florida}
}

@BOOK{HERZBERG2,
  author = {Herzberg, G.},
  title = {Molecular Spectra and Molecular Structure of Polyatomic Molecules (Vol. II)},
  publisher = {Krieger Publishing Company},
  year = {1991},
  address = {Melbourne, Florida}
}

@ARTICLE{JONAS,
  author = {Neuman Jr., R. C. and Jonas, V.},
  journal = {J. Org. Chem.},
  year = {1974},
  volume = {39},
  pages = {925}
}

@ARTICLE{LINSCHITZ,
  author = {Gupta, S. N. and Linschitz, H.},
  title = {Hydrogen-bonding and protonation effects in electrochemistry of quinines in aprotic solvents},
  journal = {J. Am. Chem. Soc.},
  year = {1997},
  volume = {119},
  pages = {6384}
}

@ARTICLE{LOEFROTH,
  author = {Van Stam, J. and Loefroth, J. E.},
  title = {The protolysis of singlet excited $\beta$-naphthol. A two-day laboratory experiment to introduce photophysics.},
  journal = {J. Chem. Educ.},
  year = {1986},
  volume = {63},
  pages = {181}
}

@MISC{MAXIMA,
  author = {W. Schelter and co{-}workers},
  title = {Maxima version 5.13 and wx{M}axima graphical frontend},
  howpublished = {Freely available at: \url{http://maxima.sourceforge.net/}},
  year = {2006}
}

@BOOK{MCBANE,
  author = {Halpern, A. M. and McBane, G. C.},
  title = {Experimental physical chemistry (3rd ed.)},
  publisher = {W. H. Freedman and Company},
  year = {2006},
  address = {New York}
}

@BOOK{NUMREP,
  author = {Press, W. and Vetterling, S. and Teukalosky, S. and Flannery, B},
  title = {Numerical Recipes in C (2nd ed.)},
  publisher = {Cambridge University Press},
  year = {1999},
  address = {New York}
}

@BOOK{OSTERMAN,
  author = {Nordling, C. and \"Osterman, J.},
  title = {Physics Handbook for Science and Engineering},
  publisher = {Studentlitteratur AB},
  year = {1995},
  address = {Sweden}
}

@ARTICLE{PAPER1,
  author = {Dimmel, D. R. and Althen, E. and Savidakis, M. and Courchene, C.},
  journal = {TAPPI Journal},
  year = {1999},
  volume = {82},
  pages = {83}
}

@ARTICLE{PARK,
  author = {Kim, J.-K. and Park,D.-W.},
  journal = {J. Chem. Eng.},
  year = {2005},
  volume = {22},
  pages = {256}
}

@ARTICLE{QNOTES,
  author = {Eloranta, J.},
  journal = {Quantum chemistry lecture notes, http://www.csun.edu/\~jeloranta/CHEM352/},
  year = {2007}
}

@misc{QTIPLOT,
  author = {I. Vasilief},
  title = {QTIPLOT version 0.9.7.10},
  howpublished = {Available at \url{http://soft.proindependent.com/qtiplot.html}},
  year = {2009}
}

@Article{SCHMIDT,
  author =       {Schmidt, M. W. and Baldridge, K. K. and Boatz, J. A. and Elbert, S. T. and Gordon, M. S. and Jensen, J. J. and Koseki, S. and Matsunaga, N. and Nguyen, K. A. and Su, S. and Windus, T. L. and Dupuis, M. and Montgomery, J. A.},
  year =         {1993},
  journal =      {J. Comput. Chem.},
  volume =       {14},
  pages =        {1347-1363}
}

@BOOK{SILBEY,
  author = {Silbey, R. J. and Alberty, R. A. and Bawendi, M. G.},
  title = {Physical Chemistry (4th ed.)},
  publisher = {Wiley}, 
  year = {2004},
  address = {New York}
}

@ARTICLE{STEAD,
  author = {Stead, R. J. and Stead, K.},
  year = {1990},
  journal = {J. Chem. Ed.},
  volume = {67},
  pages = {385}
}

@BOOK{TAYLOR,
  author = {Taylor, J. R.},
  title = {An Introduction to Error Analysis (2nd ed.)},
  publisher = {University Science Books},
  year = {1997},
  address = {Herndon, VA}
}

@ARTICLE{TNOTES,
  author = {Eloranta, J.},
  journal = {Chemical thermodynamics lecture notes, http://www.csun.edu/\~jeloranta/CHEM351/},
  year = {2007}
}

@ARTICLE{webbook,
  author = {NIST},
  journal = {http://webbook.nist.gov/chemistry},
  year = {2007}
}

@BOOK{WERTZ,
  author = {Weil, J. A. and Bolton, J. R. and Wertz, J. E.},
  title = {Electron paramagnetic resonance: elementary theory and practical applications},
  publisher = {John Wiley \& Sons},
  year = {1994},
  address = {New York}
}

@Article{WIGAL,
  author =       {Heffner, J. and Raber, C. and Moe, O. and Wigal, C.},
  year =         {1998},
  journal =      {J. Chem. Educ.},
  volume =       {75},
  pages =        {365}
}

