@ARTICLE{QNOTES,
  author = {J. Eloranta},
  journal = {Quantum chemistry lecture notes, http://www.csun.edu/\~jeloranta/CHEM352/},
  year = {2007}
}

@ARTICLE{TNOTES,
  author = {J. Eloranta},
  journal = {Chemical thermodynamics lecture notes, http://www.csun.edu/\~jeloranta/CHEM351/},
  year = {2007}
}

@ARTICLE{webbook,
  author = {NIST},
  journal = {http://webbook.nist.gov/chemistry},
  year = {2007}
}

@BOOK{SILBEY,
  author = {R. J. Silbey and R. A. Alberty and M. G. Bawendi},
  title = {Physical Chemistry (4th ed.)},
  publisher = {Wiley}, 
  year = {2004},
  address = {New York}
}

@BOOK{ATKINS1,
  author = {P. W. Atkins and J. de Paula},
  title = {Physical Chemistry (7th ed.)},
  publisher = {Oxford University Press}, 
  year = {2002},
  address = {Oxford, UK}
}

@BOOK{ATKINS2,
  author = {P. W. Atkins and R. S. Friedman},
  title = {Molecular Quantum Mechanics (3rd ed.)},
  publisher = {Oxford University Press}, 
  year = {1997},
  address = {Oxford, UK}
}

@BOOK{HERZBERG1,
  author = {G. Herzberg},
  title = {Molecular Spectra and Molecular Structure (Vol. I)},
  publisher = {Krieger Publishing Company},
  year = {1989},
  address = {Melbourne, Florida}
}

@BOOK{HERZBERG2,
  author = {G. Herzberg},
  title = {Molecular Spectra and Molecular Structure of Polyatomic Molecules (Vol. II)},
  publisher = {Krieger Publishing Company},
  year = {1991},
  address = {Melbourne, Florida}
}
>
@Article{SCHMIDT,
  author =       {M. W. Schmidt and K. K. Baldridge and J. A. Boatz and S. T. Elbert and M. S. Gordon and J. J. Jensen and S. Koseki and N. Matsunaga and K. A. Nguyen and S. Su and T. L. Windus and M. Dupuis and J. A. Montgomery},
  year =         {1993},
  journal =      {J. Comput. Chem.},
  volume =       {14},
  pages =        {1347-1363}
}

@Article{BODE,
  author =       {B. M. Bode and M. S Gordon},
  year =         {1998},
  journal =      {J. Mol. Graphics and Modeling},
  volume =       {16},
  pages =        {133-138}
}

@BOOK{CHANG,
  author = {R. Chang},
  title = {Physical chemistry for the chemical and biological sciences},
  publisher = {University Science Books},
  year = {2000},
  address = {Sausalito, California}
}
